<record><leader>00000cas a22000007a 4500</leader><controlfield tag="001">21480272</controlfield><controlfield tag="008">900504d184u184ugauwr ne      0    0eng d</controlfield><datafield ind1=" " ind2=" " tag="010"><subfield code="a">sn 90052027 </subfield></datafield><datafield ind1=" " ind2=" " tag="040"><subfield code="a">NLG</subfield><subfield code="b">eng</subfield><subfield code="c">NLG</subfield><subfield code="d">DLC</subfield><subfield code="d">NLG</subfield><subfield code="d">GUA</subfield><subfield code="d">OCLCQ</subfield><subfield code="d">OCLCF</subfield><subfield code="d">OCLCO</subfield></datafield><datafield ind1=" " ind2=" " tag="042"><subfield code="a">msc</subfield></datafield><datafield ind1=" " ind2=" " tag="043"><subfield code="a">n-us-ga</subfield></datafield><datafield ind1="0" ind2="0" tag="245"><subfield code="a">Weekly Georgia constitutionalist.</subfield></datafield><datafield ind1=" " ind2=" " tag="260"><subfield code="a">Augusta, Ga. :</subfield><subfield code="b">James Gardner</subfield></datafield><datafield ind1=" " ind2=" " tag="300"><subfield code="a">v.</subfield></datafield><datafield ind1=" " ind2=" " tag="310"><subfield code="a">Weekly</subfield></datafield><datafield ind1=" " ind2=" " tag="588"><subfield code="a">Description based on: Vol. 26, new ser., v. 2, no. 5 (July 28, 1847).</subfield></datafield><datafield ind1=" " ind2="0" tag="651"><subfield code="a">Augusta (Ga.)</subfield><subfield code="v">Newspapers.</subfield></datafield><datafield ind1=" " ind2="0" tag="651"><subfield code="a">Richmond County (Ga.)</subfield><subfield code="v">Newspapers.</subfield></datafield><datafield ind1=" " ind2="7" tag="655"><subfield code="a">Newspapers.</subfield><subfield code="2">fast</subfield><subfield code="0">(OCoLC)fst01423814</subfield></datafield><datafield ind1=" " ind2="7" tag="651"><subfield code="a">Georgia</subfield><subfield code="z">Augusta.</subfield><subfield code="2">fast</subfield><subfield code="0">(OCoLC)fst01206406</subfield></datafield><datafield ind1=" " ind2="7" tag="651"><subfield code="a">Georgia</subfield><subfield code="z">Richmond County.</subfield><subfield code="2">fast</subfield><subfield code="0">(OCoLC)fst01215116</subfield></datafield><datafield ind1=" " ind2=" " tag="752"><subfield code="a">United States</subfield><subfield code="b">Georgia</subfield><subfield code="c">Richmond</subfield><subfield code="d">Augusta.</subfield></datafield><datafield ind1="0" ind2=" " tag="775"><subfield code="t">Georgia constitutionalist (Augusta, Ga. : Triweekly)</subfield><subfield code="w">(DLC)sn 86053014</subfield><subfield code="w">(OCoLC)12989220</subfield></datafield><datafield ind1="0" ind2=" " tag="775"><subfield code="t">Daily constitutionalist (Augusta, Ga. : 1846)</subfield><subfield code="w">(DLC)sn 90052029</subfield><subfield code="w">(OCoLC)21665964</subfield></datafield><datafield ind1="0" ind2="0" tag="780"><subfield code="t">Weekly constitutionalist</subfield><subfield code="w">(DLC)sn 86071159</subfield><subfield code="w">(OCoLC)2715438</subfield></datafield><datafield ind1="0" ind2="0" tag="785"><subfield code="t">Georgia weekly constitutionalist</subfield><subfield code="w">(DLC)sn 85034435</subfield><subfield code="w">(OCoLC)12848669</subfield></datafield></record>